<?xml version="1.0" encoding="UTF-8"?><collection xmlns="http://www.loc.gov/MARC21/slim"><record><leader>00581nam--2200181-i-4500</leader><controlfield tag="001">000046987</controlfield><controlfield tag="002">20161230</controlfield><controlfield tag="005">20170118005950</controlfield><controlfield tag="008">060222s1000------------r-----000-0-eng-d</controlfield><datafield ind1=" " ind2=" " tag="040"><subfield code="a">IFIN-HH</subfield></datafield><datafield ind1=" " ind2=" " tag="080"><subfield code="a">539.141(061.3):539.126(061.3)</subfield></datafield><datafield ind1="1" ind2=" " tag="100"><subfield code="a">Lichtenberg, Don B</subfield></datafield><datafield ind1="1" ind2="0" tag="245"><subfield code="a">Weak interaction physics - 1977. (Indiana University) AIP conference proceedings. Number 37</subfield><subfield code="c">D.B. Lichtenberg (ed.)</subfield></datafield><datafield ind1=" " ind2=" " tag="260"><subfield code="a">New York</subfield><subfield code="b">American Institute Of Physics</subfield><subfield code="c">1977</subfield></datafield><datafield ind1=" " ind2=" " tag="300"><subfield code="a">150 p</subfield></datafield><datafield ind1=" " ind2=" " tag="490"><subfield code="a">Aip Conference Proceedings, 37</subfield></datafield><datafield ind1=" " ind2=" " tag="852"><subfield code="a">37027</subfield><subfield code="c">53</subfield></datafield><datafield ind1=" " ind2=" " tag="CAT"><subfield code="a">SYS</subfield><subfield code="c">20170118</subfield><subfield code="h">005950</subfield></datafield></record></collection>